=LDR  00532cam a2200193 c 4500
=001  990000390394702202
=005  20230306135231.0
=007  cr||||||||||||
=007  ta
=008  150112s2000\\\\no#|||||\|||||000|1|nob|\
=020  \\$a8203182380$qib.$cNkr 148.00
=082  74$a839.823$qNO-OsNB$24/nor
=100  1\$aNesbø, Jo$d1960-$0(NO-TrBIB)90356569$1http://viaf.org/viaf/44460209$4http://www.rdaregistry.info/Elements/w/object/#P10061
=240  04$aKakerlakkene$1https://viaf.org/viaf/9466149068473065730001/
=245  10$aKakerlakkene$cJo Nesbø
=260  \\$aOslo$bAschehoug$c2000
=300  \\$a337 s.
=336  \\$atext$2rdacontent$0http://rdaregistry.info/termList/RDAContentType/1020
=337  \\$aunmediated$2rdamedia$0http://rdaregistry.info/termList/RDAMediaType/1007
=338  \\$avolume$2rdacarrier$0http://rdaregistry.info/termList/RDACarrierType/1049
=490  1\$aEn Maxi-bok fra Aschehoug
=500  \\$a1. utg. 1998
=830  \3$aEn Maxibok fra Aschehoug

