=LDR  00694cam a2200229 c 4500
=001  990219717814702202
=005  20230301093500.0
=007  cr||||||||||||
=007  ta
=008  150401s2002\\\\no#|||||\|||||000|1|nob|\
=020  \\$a8203186238$qh.$cNkr 98.00
=020  \\$a9788203186233$qh.
=082  74$a839.823$qNO-OsNB$24/nor
=100  1\$aNesbø, Jo$d1960-$0(NO-TrBIB)90356569$1http://viaf.org/viaf/44460209$4http://www.rdaregistry.info/Elements/w/object/#P10061
=240  04$aFlaggermusmannen$1https://viaf.org/viaf/2536149068402365730009/
=245  10$aFlaggermusmannen$cJo Nesbø
=260  \\$aOslo$bAschehoug$c2002
=300  \\$a338 s.
=336  \\$atext$2rdacontent$0http://rdaregistry.info/termList/RDAContentType/1020
=337  \\$aunmediated$2rdamedia$0http://rdaregistry.info/termList/RDAMediaType/1007
=338  \\$avolume$2rdacarrier$0http://rdaregistry.info/termList/RDACarrierType/1049
=490  1\$aAschehoug krim
=500  \\$a1. utg. 1997
=500  \\$a10. oppl. med 13-sifret ISBN
=500  \\$aOpplagshistorikk: Aschehoug krim, 2. oppl. 2003; 3.-6. oppl. 2004; 10.-12. oppl. 2007
=830  \0$aAschehoug krim

