=LDR  00713cam a2200241 c 4500
=001  990115034404702202
=005  20230303104949.0
=007  cr||||||||||||
=007  ta
=008  130816s2001\\\\no#|||||\|||||000|1|nob|\
=020  \\$a8203185096$qh.$cNkr 98.00
=080  \\$a839.6
=082  04$a839.82$223
=082  74$a839.823$qNO-OsNB$24/nor
=100  1\$aNesbø, Jo$d1960-$0(NO-TrBIB)90356569$1http://viaf.org/viaf/44460209$4http://www.rdaregistry.info/Elements/w/object/#P10061
=240  04$aRødstrupe$1https://viaf.org/viaf/1765145424612186831344/
=245  10$aRødstrupe$cJo Nesbø
=260  \\$aOslo$bAschehoug$c2001
=300  \\$a434 s.
=336  \\$atext$2rdacontent$0http://rdaregistry.info/termList/RDAContentType/1020
=337  \\$aunmediated$2rdamedia$0http://rdaregistry.info/termList/RDAMediaType/1007
=338  \\$avolume$2rdacarrier$0http://rdaregistry.info/termList/RDACarrierType/1049
=490  1\$aAschehoug krim
=500  \\$a1. utg. 2000
=500  \\$aFra 2. oppl. med 432 s.
=500  \\$aOpplagshistorikk:  Aschehoug krim, 2.-3. oppl. 2001; 4. oppl. 2002; 5. oppl.  2003; 6.-7. oppl. 2004
=830  \0$aAschehoug krim

