=LDR  00612cam a2200217 c 4500
=001  990314541944702202
=005  20230302112649.0
=007  cr||||||||||||
=007  ta
=008  130916s2003\\\\no#|||||\|||||000|1|nob|\
=020  \\$a8203186742$qh.$cNkr 99.00
=020  \\$a9788203186745$qh.
=082  74$a839.823$qNO-OsNB$25/nor
=100  1\$aNesbø, Jo$d1960-$0(NO-TrBIB)90356569$1http://viaf.org/viaf/44460209$4http://www.rdaregistry.info/Elements/w/object/#P10061
=240  04$aSorgenfri$1https://viaf.org/viaf/496145424547186830921/
=245  10$aSorgenfri$cJo Nesbø
=260  \\$aOslo$bAschehoug$ccop. 2003
=300  \\$a378 s.
=336  \\$atext$2rdacontent$0http://rdaregistry.info/termList/RDAContentType/1020
=337  \\$aunmediated$2rdamedia$0http://rdaregistry.info/termList/RDAMediaType/1007
=338  \\$avolume$2rdacarrier$0http://rdaregistry.info/termList/RDACarrierType/1049
=490  1\$aAschehoug krim
=500  \\$a1. utg. 2002
=500  \\$aFra 10. oppl. 2006 med både 10- og 13-sifret ISBN
=830  \0$aAschehoug krim

