=LDR  00544cam a2200193 c 4500
=001  990103469704702202
=005  20160622111804.0
=007  ta
=008  110826s2000\\\\xx#|||||||||||000|1|swe|\
=020  \\$a9176437159$qh.
=041  1\$hnob
=082  74$a839.823$qNO-OsNB$24/nor
=100  1\$aNesbø, Jo$d1960-$0(NO-TrBIB)90356569$1http://viaf.org/viaf/44460209$4http://www.rdaregistry.info/Elements/w/object/#P10061
=240  04$aFlaggermusmannen$1http://viaf.org/viaf/2536149068402365730009
=245  10$aFladdermusmannen$cJo Nesbø ; översättning Per Olaisen
=246  1\$aFlaggermusmannen$iOriginaltittel
=260  \\$a[Stockholm]$bMånPocket$c2000
=300  \\$a358 s.
=336  \\$atext$2rdacontent$0http://rdaregistry.info/termList/RDAContentType/1020
=337  \\$aunmediated$2rdamedia$0http://rdaregistry.info/termList/RDAMediaType/1007
=338  \\$avolume$2rdacarrier$0http://rdaregistry.info/termList/RDACarrierType/1049
=490  1\$aMånPocket
=700  1\$aOlaisen, Per$1http://viaf.org/viaf/11821932$4http://www.rdaregistry.info/Elements/e/object/#P20037
=830  \0$aMånPocket

