=LDR  00586cam a2200205 c 4500
=001  990119670724702202
=005  20160622111827.0
=007  ta
=008  110826s2001\\\\xx#|||||||||||000|1|fin|\
=020  \\$a9515788412$qib.
=041  1\$hnob
=082  74$a839.823$qNO-OsNB$24/nor
=100  1\$aNesbø, Jo$d1960-$0(NO-TrBIB)90356569$1http://viaf.org/viaf/44460209$4http://www.rdaregistry.info/Elements/w/object/#P10061
=240  04$aFlaggermusmannen$1http://viaf.org/viaf/2536149068402365730009
=245  10$aLepakkomies$cJo Nesbø ; suomentanut Outi Menna
=246  1\$aFlaggermusmannen$iOriginaltittel
=260  \\$aHelsinki$bLike$c2001
=300  \\$a398 s.
=336  \\$atext$2rdacontent$0http://rdaregistry.info/termList/RDAContentType/1020
=337  \\$aunmediated$2rdamedia$0http://rdaregistry.info/termList/RDAMediaType/1007
=338  \\$avolume$2rdacarrier$0http://rdaregistry.info/termList/RDACarrierType/1049
=490  1\$a[Rikos kannattaa]
=500  \\$aSerietittel fra løst omslag
=700  1\$aMenna, Outi$1http://viaf.org/viaf/165905590$4http://www.rdaregistry.info/Elements/e/object/#P20037
=830  \0$a[Rikos kannattaa]

