=LDR  00595cam a2200193 c 4500
=001  990107955024702202
=005  20160622111814.0
=007  ta
=008  110826s2001\\\\xx#|||||||||||000|1|dan|\
=020  \\$a8773946591$qh.
=041  1\$hnob
=082  74$a839.823$qNO-OsNB$24/nor
=100  1\$aNesbø, Jo$d1960-$0(NO-TrBIB)90356569$1http://viaf.org/viaf/44460209$4http://www.rdaregistry.info/Elements/w/object/#P10061
=240  04$aKakkerlakkene$1http://viaf.org/viaf/9466149068473065730001
=245  10$aKakerlakkerne$cJo Nesbø ; oversat af Allan Hilton Andersen
=246  1\$aKakerlakkene$iOriginaltittel
=260  \\$aÅrhus$bModtryk$c2001
=300  \\$a346 s.
=336  \\$atext$2rdacontent$0http://rdaregistry.info/termList/RDAContentType/1020
=337  \\$aunmediated$2rdamedia$0http://rdaregistry.info/termList/RDAMediaType/1007
=338  \\$avolume$2rdacarrier$0http://rdaregistry.info/termList/RDACarrierType/1049
=490  1\$aModtryks spændingsbøger
=700  1\$aAndersen, Allan Hilton$1http://viaf.org/viaf/28430790$4http://www.rdaregistry.info/Elements/e/object/#P20037
=830  \0$aEn Spændingsbog fra Modtryk$vSpændingsbog fra Modtryk